<record><leader>00000cas a22000007a 4500</leader><controlfield tag="001">25321214</controlfield><controlfield tag="008">920224d19181922wyuwr ne      0    0eng d</controlfield><datafield ind1=" " ind2=" " tag="010"><subfield code="a">sn 92066955 </subfield></datafield><datafield ind1=" " ind2=" " tag="040"><subfield code="a">NVO</subfield><subfield code="b">eng</subfield><subfield code="c">NVO</subfield><subfield code="d">OCLCQ</subfield></datafield><datafield ind1=" " ind2=" " tag="042"><subfield code="a">msc</subfield></datafield><datafield ind1="0" ind2="0" tag="245"><subfield code="a">Deaver sentinel.</subfield></datafield><datafield ind1=" " ind2=" " tag="260"><subfield code="a">Deaver, Wyo. :</subfield><subfield code="b">M.M. Nichols</subfield></datafield><datafield ind1=" " ind2=" " tag="300"><subfield code="a">v.</subfield></datafield><datafield ind1=" " ind2=" " tag="310"><subfield code="a">Weekly</subfield></datafield><datafield ind1="0" ind2=" " tag="362"><subfield code="a">Vol. 1, no. 1 (Apr. 13, 1918)-v. 5, no. 38 (Nov. 25, 1922).</subfield></datafield><datafield ind1=" " ind2="4" tag="651"><subfield code="a">Deaver (Wyo.)</subfield><subfield code="v">Newspapers.</subfield></datafield><datafield ind1=" " ind2="4" tag="651"><subfield code="a">Big Horn County (Wyo.)</subfield><subfield code="v">Newspapers.</subfield></datafield><datafield ind1=" " ind2=" " tag="752"><subfield code="a">United States</subfield><subfield code="b">Wyoming</subfield><subfield code="c">Big Horn</subfield><subfield code="d">Deaver.</subfield></datafield><datafield ind1="0" ind2="7" tag="785"><subfield code="t">Frannie independent</subfield></datafield><datafield ind1="0" ind2="7" tag="785"><subfield code="t">Deaver sentinel and the Frannie independent</subfield><subfield code="w">(DLC)sn 92066956</subfield></datafield><datafield ind1="1" ind2=" " tag="029"><subfield code="a">AU@</subfield><subfield code="b">000025847741</subfield></datafield></record>